@article{hopwood2016zcash,
  title={Zcash protocol specification},
  author={Hopwood, Daira and Bowe, Sean and Hornby, Taylor and Wilcox, Nathan},
  journal={GitHub: San Francisco, CA, USA},
  volume={4},
  pages={220},
  year={2016}
}
